@MISC{Eigen,
  key = 1,
  title = {{Eigen C++ Template Library for Linerar Algebra}},
  howpublished = {\\ \url{http://eigen.tuxfamily.org/index.php?title=Main_Page}}
}