% This file was created with JabRef 2.8.1.
% Encoding: Cp1252

@ARTICLE{ERM,
  author = {Peter Pin-shan Chen},
  title = {The Entity-Relationship Model: Toward a Unified View of Data},
  journal = {ACM Transactions on Database Systems},
  year = {1976},
  volume = {1},
  pages = {9--36}
}

@MANUAL{PDDL,
  title = {The Formal Syntax and Semantics of Web-PDDL},
  author = {Dejing Dou},
  organization = {University of Oregon, Computer and Information Science},
  address = {Eugene, OR 97403},
  owner = {martini},
  timestamp = {2013.04.03}
}

@ARTICLE{DouMQ05,
  author = {Dejing Dou and Drew V. McDermott and Peishen Qi},
  title = {{Ontology {T}ranslation on the {S}emantic {W}eb}},
  journal = {Journal on Data Semantics},
  year = {2004},
  volume = {2},
  pages = {35-57},
  ee = {http://springerlink.metapress.com/openurl.asp?genre=article{\&}issn=0302-9743{\&}volume=3360{\&}spage=35}
}

@ARTICLE{OntoE,
  author = {Dejing Dou and Drew V. McDermott and Peishen Qi},
  title = {{Ontology {T}ranslation on the {S}emantic {W}eb}},
  journal = {Journal on Data Semantics},
  year = {2004},
  volume = {2},
  pages = {35-57},
  ee = {http://springerlink.metapress.com/openurl.asp?genre=article{\&}issn=0302-9743{\&}volume=3360{\&}spage=35}
}

@ARTICLE{OntoG,
  author = {Dejing Dou and Han Qin and Paea LePendu},
  title = {{OntoGrate: Towards Automatic Integration for Relational Databases
	and the Semantic Web through an Ontology-based Framework}},
  journal = {International Journal of Semantic Computing},
  year = {2010},
  volume = {4},
  pages = {123-151},
  number = {1}
}

@ARTICLE{OntoL,
  author = {Thomas Gruber},
  title = {A Translation Approach to Portable Ontology Specifications},
  journal = {Knowledge Acquisition},
  year = {1993}
}

@INPROCEEDINGS{GutierrezEtal13,
  author = {Fernando Gutierrez and Dejing Dou and Steven Fickas and Adam Martini
	and Hui Zong},
  title = {{Hybrid Ontology-based Information Extraction for Automated Text
	Grading.}},
  booktitle = {Proceedings of the 12th IEEE International Conference on Machine
	Learning and Applications (ICMLA)},
  year = {2013},
  pages = {???-???}
}

@INPROCEEDINGS{OntoM,
  author = {Han Qin and Dejing Dou and Paea LePendu},
  title = {{Discovering Executable Semantic Mappings Between Ontologies}},
  booktitle = {Proceedings of the International Conference on Ontologies, Databases
	and Application of Semantics (ODBASE)},
  year = {2007},
  pages = {832-849}
}

@ARTICLE{SWR,
  author = {N. Shadbolt and W. Hall and T. Berners-Lee},
  title = {The Semantic Web Revisited},
  journal = {IEEE Inteligent Systems},
  year = {2006},
  pages = {96-101},
  month = {May/June}
}

@MISC{AIM,
  title = {{The AIM Lab Homepage}},
  howpublished = {\\ \url{http://aimlab.cs.uoregon.edu/}}
}

@MISC{Fact,
  title = {{FaCT++} Hompage},
  howpublished = {\\ \url{http://owl.man.ac.uk/factplusplus/}}
}

@MISC{Hermit,
  title = {{HermiT} Reasoner Homepage},
  howpublished = {\\ \url{http://www.hermit-reasoner.com/}}
}

@MISC{JDOM,
  title = {{JDOM Homepage}},
  howpublished = {\\ \url{http://www.jdom.org/}}
}

@MISC{JENA,
  title = {{Apache Jena Homepage}},
  howpublished = {\\ \url{http://jena.apache.org/}}
}

@MISC{ontlib,
  title = {{The Protege Ontology Library}},
  howpublished = {\\ \url{http://protegewiki.stanford.edu/wiki/Protege_Ontology_Library}}
}

@MISC{OWL,
  title = {OWL Web Ontology Language},
  howpublished = {\\ \url{http://www.w3.org/TR/owl-features/}}
}

@MISC{Pellet,
  title = {{Pellet Hompage}},
  howpublished = {\\ \url{http://clarkparsia.com/pellet/}}
}

@MISC{Protege,
  title = {{Protege Homepage}},
  howpublished = {\\ \url{http://protege.stanford.edu/}}
}

@MISC{RDF,
  title = {{W3 RDF Homepage}},
  howpublished = {\\ \url{http://www.w3.org/RDF/}}
}

@MISC{wikipedia,
  title = {{Wikipedia (English) Homepage}},
  howpublished = {\\ \url{http://en.wikipedia.org/wiki/Main_Page/}}
}

@MISC{wordnet,
  title = {{WordNet}},
  howpublished = {\\ \url{http://wordnet.princeton.edu/}}
}

@MISC{RDF1999,
  title = {{RDF Specification 1999}},
  howpublished = {\\ \url{http://www.w3.org/TR/1999/REC-rdf-syntax-19990222/}}
}

@MISC{rdfDumps,
  title = {{DataSetDumps: Linked Data Sets}},
  howpublished = {\\ \url{http://www.w3.org/wiki/DataSetRDFDumps}}
}

@MISC{FreeBase,
  title = {{FreeBase Homepage}},
  howpublished = {\\ \url{http://www.freebase.com/}}
}

@MISC{Tservice,
  title = {{OWL to Web-PDDL Translation Service}},
  howpublished = {\\ \url{http://aimlab.cs.uoregon.edu/owl2pddl/}}
}

@MISC{W3,
  title = {{World Wide Web Consortium Homepage}},
  howpublished = {\\ \url{http://www.w3.org/}}
}

@INPROCEEDINGS{zhang09,
  author = {Ziqui Zhang and Jose Iria},
  title = {A Novel Approach to Automated Gazetteer Generation using Wikipedia},
  year = {2009},
  booktitle = {Proceedings of the 2009 Workshop on the People’s Web Meets NLP},
  pages = {1-9}
}

@INPROCEEDINGS{kazama08,
  author = {Junichi Kazama and Kentaro Torisawa},
  title = {Inducing Gazetteers for Named Entity Recognition by Large-scale Clustering of Dependency Relations},
  booktitle = {Proceedings of the Association for Computational Linguistics (ACL)},
  year = {2008},
  pages = {407-415}
}

@INPROCEEDINGS{riloff93,
  author = {Ellen Riloff},
  title = {Automatically Contructing a Dictionary for Information Extraction Tasks},
  booktitle = {Proceedings of the Sixteenth National Conference on Atificial Intelligence (AAAI-93)},
  year = {1993}
}

@ARTICLE{riloff96,
  author = {Ellen Riloff},
  title = "{An Empirical Study of  Automated Dictionary Construction for Information Extraction in Three Domains}",
  journal = {AI Journal},
  valume = {85},
  year = {1996},
  month = {August}
}

@INPROCEEDINGS{riloff99,
  author = {Ellen Riloff and Rosie Jones},
  title = {Learning Dictionaries for Information Extraction by Mult-Level Bootstrapping},
  booktitle = {Proceedings of the Sixteenth National Conference on Atificial Intelligence (AAAI-99)},
  year = {1999}
}

@ARTICLE{R2A2,
  author = {Oren Etzioni and Anthony Fader and Janara Christensen and Stephen Soderland and Mausam },
  title = "{Open Information Extraction: the Second Generation}",
  journal = {International Joint Conference on Artificial Intelligence},
  year = {2011}
}

@INPROCEEDINGS{elinking12,
  author = {Thomas Lin and Mausam and Oren Etzioni},
  title = {Entity Linking at Web Scale},
  booktitle = {Proc. of the Joint Workshop on Automatic Knowledge Base Construction \& Web-scale Knowledge Extraction (AKBC-WEKEX)},
  year = {2012},
  pages = {84-88}
}

@ARTICLE{ontology,
  author = {T Gruber},
  title = "{A Translation Approach to Portable Ontology Specifications}",
  journal = {Knowledge Acquisition},
  year = {1993}
}

@Article{OBIE,
  author    = {Daya C. Wimalasuriya and Dejing Dou},
  title     = "{Ontology-Based Information Extraction: An Introduction and a Survey of Current Approaches}",
  journal   = {Journal of Information Science},
  volume = {36},
  number = {3},
  pages = {306-323},
  year      = {2010},
}

@book{AIModern,
  title={Artificial Intelligence: A Modern Approach},
  author={Russell, S.J. and Norvig, P.},
  isbn={9780136042594},
  lccn={2011288031},
  series={Prentice Hall series in artificial intelligence},
  url={http://books.google.com/books?id=8jZBksh-bUMC},
  year={2010},
  publisher={Prentice Hall}
}

@InProceedings{DurrettKlein2013,
  author    = {Durrett, Greg  and  Klein, Dan},
  title     = {Easy Victories and Uphill Battles in Coreference Resolution},
  booktitle = {Proceedings of the Conference on Empirical Methods in Natural Language Processing},
  month     = {October},
  year      = {2013},
  address   = {Seattle, Washington},
  publisher = {Association for Computational Linguistics},
}

@InProceedings{DurrettHallKlein2013,
  author    = {Durrett, Greg  and  Hall, David  and  Klein, Dan},
  title     = {Decentralized Entity-Level Modeling for Coreference Resolution},
  booktitle = {Proceedings of the 51st Annual Meeting of the Association for Computational Linguistics (Volume 1: Long Papers)},
  month     = {August},
  year      = {2013},
  address   = {Sofia, Bulgaria},
  publisher = {Association for Computational Linguistics},
  pages     = {114--124},
  url       = {http://www.aclweb.org/anthology/P13-1012}
}

@inproceedings{Klein01,
  title={Combining and relating ontologies: an analysis of problems and solutions},
  author={Klein, Michel},
  booktitle={IJCAI-2001 Workshop on ontologies and information sharing},
  pages={53--62},
  year={2001}
}

@inproceedings{Wimmer10,
  title={Towards an expressivity benchmark for mappings based on a systematic classification of heterogeneities},
  author={Wimmer, Manuel and Kappel, Gerti and Kusel, Angelika and Retschitzegger, Werner and Sch{\"o}nb{\"o}ck, Johannes and Schwinger, Wieland},
  booktitle={Proceedings of the First International Workshop on Model-Driven Interoperability},
  pages={32--41},
  year={2010},
  organization={ACM}
}

@inproceedings{Legler07,
  title={A Classification of Schema Mappings and Analysis of Mapping Tools.},
  author={Legler, Frank and Naumann, Felix},
  booktitle={BTW},
  volume={103},
  pages={449--464},
  year={2007}
}

@inproceedings{Visser97,
  title={An analysis of ontology mismatches; heterogeneity versus interoperability},
  author={Visser, Pepijn RS and Jones, Dean M and Bench-Capon, TJM and Shave, MJR},
  booktitle={AAAI 1997 Spring Symposium on Ontological Engineering, Stanford CA., USA},
  pages={164--72},
  year={1997}
}

@inproceedings{Chalupsky00,
  title={Ontomorph: A translation system for symbolic knowledge},
  author={Chalupsky, Hans},
  booktitle={KR},
  pages={471--482},
  year={2000}
}